@inproceedings{opaque2018,
  title={OPAQUE: an asymmetric PAKE protocol secure against pre-computation attacks},
  author={Jarecki, Stanislaw and Krawczyk, Hugo and Xu, Jiayu},
  booktitle={Annual International Conference on the Theory and Applications of Cryptographic Techniques},
  pages={456--486},
  year={2018},
  organization={Springer}
}

@inproceedings{drsecurity,
  title={The double ratchet: security notions, proofs, and modularization for the signal protocol},
  author={Alwen, Jo{\"e}l and Coretti, Sandro and Dodis, Yevgeniy},
  booktitle={Annual International Conference on the Theory and Applications of Cryptographic Techniques},
  pages={129--158},
  year={2019},
  organization={Springer}
}

@article{siwe,
    title = {EIP-4361: Sign-In with Ethereum. [DRAFT]},
    author = {Chang, Wayne and Rocco, Gregory and Millegan, Brantly and Johnson, Nick},
    journal = {Ethereum Improvement Proposals, no. 4361},
    note = {Available: \url{https://eips.ethereum.org/EIPS/eip-4361.}}
}   

@article{signalprotocol,
    title = {The Double Ratchet Algorithm},
    author = {Perrin, Trevor and Marlinspike, Moxie},
    journal = {Signal Inc.},
    note = {Available: \url{https://signal.org/docs/specifications/doubleratchet/}}
}

@article{x3dh,
    title = {The X3DH Key Agreement Protocol},
    author = {Marlinspike, Moxie and Perrin, Trevor},
    journal = {Signal Inc.},
    note = {Available: \url{https://signal.org/docs/specifications/x3dh/}}
}